%%%%%%%%%%%%%%%%%%%%%%%%%%%%%%%%%%%%%%%%%%%%%%%%%%%%%%%%%%%%%%%%%%%%%%%%%%%%%
%
% Asynchronous Theoretical Material (begin)
%
%
@article
{
	chazan1969chaotic,
  	title={{Chaotic relaxation}},
  	author={Chazan, Daniel and Miranker, Willard},
  	journal={Linear algebra and its applications},
  	volume={2},
  	number={2},
  	pages={199--222},
  	year={1969},
  	publisher={Elsevier}
}

@article
{
	donnelly1971periodic,
	title={Periodic chaotic relaxation},
	author={Donnelly, JDP},
	journal={Linear algebra and its Applications},
	volume={4},
	number={2},
	pages={117--128},
	year={1971},
	publisher={Elsevier}
}

@article 
{
	miellou1975algorithmes,
	Title = {{Chaotic relaxation algorithms {delays}}},
	Author = {Miellou, Jean Claude},
	Journal = {Revue fran {\ c {c}} automatic, computer science, operational research. Numerical analysis},
	volume = {9},
	number = {R1},
	pages  = {55--82},
	year = {1975},
	Publisher = {EDP Sciences}
}

@article
{
	robert1975iterations,
	title={{It{\'e}rations chaotiques s{\'e}rie-parall{\`e}le pour des {\'e}quations non-lin{\'e}aires de point fixe}},
	author={Robert, Fran{\c{c}}ois and Charnay, Michel and Musy, Fran{\c{c}}ois},
	journal={Aplikace Matematiky},
	volume={20},
	number={1},
	pages={1--38},
	year={1975},
	publisher={Institute of Mathematics, Academy of Sciences of the Czech Republic}
}

@article
{
	kung1976synchronized,
	title={{Synchronized and asynchronous parallel algorithms for multiprocessors}},
	journal={New Directions and Recent Results in Algorithms and Complexity},
	author={Kung, HT},
	year={1976},
	publisher={Academic Press}
}

@article
{
	robert1976contraction,
	title={{Contraction en norme vectorielle: convergence d'iterations chaotiques pour des equations non lineaires de point fixe a plusieurs variables}},
	author={Robert, F},
	journal={Linear algebra and its applications},
	volume={13},
	number={1-2},
	pages={19--35},
	year={1976},
	publisher={Elsevier}
}

@article
{
	baudet1978asynchronous,
	title={{Asynchronous iterative methods for multiprocessors}},
	author={Baudet, G{\'e}rard M},
	journal={Journal of the ACM (JACM)},
	volume={25},
	number={2},
	pages={226--244},
	year={1978},
	publisher={ACM}
}

@techreport
{
	baudet1978design,
	title={The design and analysis of algorithms for asynchronous multiprocessors.},
	author={Baudet, G{\'e}rard M},
	year={1978},
	institution={CARNEGIE-MELLON UNIV PITTSBURGH PA DEPT OF COMPUTER SCIENCE}
}

@article
{
	dijkstra1980termination,
	title={{Termination detection for diffusing computations}},
	author={Dijkstra, Edsger W and Scholten, Carel S.},
	journal={Information Processing Letters},
	volume={11},
	number={1},
	pages={1--4},
	year={1980},
	publisher={Elsevier}
}

@article
{
	bertsekas1982distributed,
	title={{Distributed dynamic programming}},
	author={Bertsekas, Dimitri},
	journal={IEEE transactions on Automatic Control},
	volume={27},
	number={3},
	pages={610--616},
	year={1982},
	publisher={IEEE}
}

@article
{
	el1982some,
	title={{Some convergence results for asynchronous algorithms}},
	author={El Tarazi, Mouhamed Nabih},
	journal={Numerische Mathematik},
	volume={39},
	number={3},
	pages={325--340},
	year={1982},
	publisher={Springer}
}

@article
{
	bertsekas1983distributed,
	title={{Distributed asynchronous computation of fixed points}},
	author={Bertsekas, Dimitri P},
	journal={Mathematical Programming},
	volume={27},
	number={1},
	pages={107--120},
	year={1983},
	publisher={Springer}
}

@article 
{
	miellou1985critere,
	Title = {{A convergence criterion for fixed - point geometric methods}},
	Author = {Miellou, Jean-Claude and Spiteri, Pierre},
	Journal = {ESAIM: Mathematical Modeling and Numerical Analysis},
	volume = {19},
	number = {4},
	pages  = {645 -- 669},
	year = {1985},
	Publisher = {EDP Sciences}
}

@article
{
	lubachevsky1986chaotic,
	title={{A chaotic asynchronous algorithm for computing the fixed point of a nonnegative matrix of unit spectral radius}},
	author={Lubachevsky, Boris and Mitra, Debasis},
	journal={Journal of the ACM (JACM)},
	volume={33},
	number={1},
	pages={130--150},
	year={1986},
	publisher={ACM}
}

@article
{
	uresin1986generalized,
	title={{Generalized asynchronous iterations}},
	author={Uresin, Aydin and Dubois, Michel},
	journal={CONPAR 86},
	pages={272--278},
	year={1986},
	publisher={Springer}
}

@book
{
	robert1987iterations,
	title={{Iterations discretes asynchrones}},
	author={Robert, Fran{\c{c}}ois},
	year={1987}
}

@article
{
	tsitsiklis1987stability,
	title={{On the stability of asynchronous iterative processes}},
	author={Tsitsiklis, John N},
	journal={Mathematical systems theory},
	volume={20},
	number={1},
	pages={137--153},
	year={1987},
	publisher={Springer}
}

@techreport
{
	smart1988reducing,
	title={{Reducing the parallel solution time of sparse circuit matrices using reordered Gaussian elimination and relaxation}},
	author={Smart, David and White, Jacob},
	year={1988},
	institution={MASSACHUSETTS INST OF TECH CAMBRIDGE MICROSYSTEMS RESEARCH CENTER}
}

@article
{
	tsitsiklis1989comparison,
	title={A comparison of Jacobi and Gauss-Seidel parallel iterations},
	author={Tritsiklis, John N},
	journal={Applied Mathematics Letters},
	volume={2},
	number={2},
	pages={167--170},
	year={1989},
	publisher={Elsevier}
}

@article
{
	uresin1989sufficient,
	title={{Sufficient conditions for the convergence of asynchronous iterations}},
	author={{\"U}resin, Aydin and Dubois, Michel},
	journal={Parallel Computing},
	volume={10},
	number={1},
	pages={83--92},
	year={1989},
	publisher={Elsevier}
}

@inproceedings
{
	bertsekas1989convergence,
	title={{Convergence rate and termination of asynchronous iterative algorithms}},
	author={Bertsekas, Dimitri P and Tsitsiklis, John N},
	booktitle={Proceedings of the 3rd International Conference on Supercomputing},
	pages={461--470},
	year={1989},
	organization={ACM}
}

@article
{
	tritsiklis1989comparison,
	title={{A comparison of Jacobi and Gauss-Seidel parallel iterations}},
	author={Tritsiklis, John N},
	journal={Applied Mathematics Letters},
	volume={2},
	number={2},
	pages={167--170},
	year={1989},
	publisher={Elsevier}
}

@article
{
	kaszkurewicz1990convergence,
	title={{On the convergence of parallel asynchronous block-iterative computations}},
	author={Kaszkurewicz, E and Bhaya, A and {\v{S}}iljak, DD},
	journal={Linear Algebra and its Applications},
	volume={131},
	pages={139--160},
	year={1990},
	publisher={Elsevier}
}

@article
{
	uresin1990parallel,
	title={{Parallel asynchronous algorithms for discrete data}},
	author={{"U}resin, Aydin and Dubois, Michel},
	journal={Journal of the ACM (JACM)},
	volume={37},
	number={3},
	pages={588--606},
	year={1990},
	publisher={ACM}
}

@article
{
	bertsekas1991some,
	title={{Some aspects of parallel and distributed iterative algorithms—a survey}},
	author={Bertsekas, Dimitri P and Tsitsiklis, John N},
	journal={Automatica},
	volume={27},
	number={1},
	pages={3--21},
	year={1991},
	publisher={Elsevier}
}

@article
{
	bhaya1991asynchronous,
	title={{Asynchronous block-iterative methods for almost linear equations}},
	author={Bhaya, Amit and Kaszurewicz, Eugenius and Mota, Francisco},
	journal={Linear algebra and its applications},
	volume={154},
	pages={487--508},
	year={1991},
	publisher={Elsevier}
}

@article
{
	frommer1991generalized,
	title={{Generalized nonlinear diagonal dominance and applications to asynchronous iterative methods}},
	author={Frommer, Andreas},
	journal={Journal of Computational and Applied Mathematics},
	volume={38},
	number={1-3},
	pages={105--124},
	year={1991},
	publisher={Elsevier}
}

@incollection
{
	bull1992numerical,
	title={Numerical performance of an asynchronous Jacobi iteration},
	author={Bull, J Mark and Freeman, TL},
	booktitle={Parallel Processing: CONPAR 92—VAPP V},
	pages={361--366},
	year={1992},
	publisher={Springer}
}

@article
{
	frommer1994asynchronous,
	title={{Asynchronous two-stage iterative methods}},
	author={Frommer, Andreas and Szyld, Daniel B},
	journal={Numerische Mathematik},
	volume={69},
	number={2},
	pages={141--153},
	year={1994},
	publisher={Springer}
}

@article
{
	bru1995parallel,
	title={{Parallel, synchronous and asynchronous two-stage multisplitting methods}},
	author={Bru, Rafael and Migall{\'o}n, Violeta and Penad{\'e}s, Jos{\'e} and Szyld, Daniel B},
	journal={Electronic Transactions on Numerical Analysis},
	volume={3},
	pages={24--38},
	year={1995}
}

@article
{
	savari1996finite,
	title={{Finite termination of asynchronous iterative algorithms}},
	author={Savar{\'\i}, Serap Ayșe and Bertsekas, Dimitri P},
	journal={Parallel Computing},
	volume={22},
	number={1},
	pages={39--56},
	year={1996},
	publisher={Elsevier}
}

@article
{
	szyld1998different,
	title={{Different models of parallel asynchronous iterations with overlapping blocks}},
	author={Szyld, Daniel B},
	journal={Computational and applied mathematics},
	volume={17},
	pages={101--115},
	year={1998},
	publisher={BIRKHAEUSER}
}

@article
{
	szyld1998mystery,
	title={{The mystery of asynchronous iterations convergence when the spectral radius is one}},
	author={Szyld, Daniel B},
	journal={Report 98},
	volume={102},
	year={1998}
}

@article
{
	bahi2000asynchronous,
	title={{Asynchronous iterative algorithms for nonexpansive linear systems}},
	author={Bahi, Jacques M},
	journal={Journal of Parallel and Distributed Computing},
	volume={60},
	number={1},
	pages={92--112},
	year={2000},
	publisher={Elsevier}
}

@article
{
	frommer2000asynchronous,
	title={{On asynchronous iterations}},
	author={Frommer, Andreas and Szyld, Daniel B},
	journal={Journal of computational and applied mathematics},
	volume={123},
	number={1},
	pages={201--216},
	year={2000},
	publisher={Elsevier}
}

@article
{
	strikwerda2002probabilistic,
	title={{A probabilistic analysis of asynchronous iteration}},
	author={Strikwerda, John C},
	journal={Linear algebra and its applications},
	volume={349},
	number={1-3},
	pages={125--154},
	year={2002},
	publisher={Elsevier}
}

@article
{
	addou2005parallel,
	title={{Parallel synchronous algorithm for nonlinear fixed point problems}},
	author={Addou, Ahmed and Benahmed, Abdenasser},
	journal={International Journal of Mathematics and Mathematical Sciences},
	volume={2005},
	number={19},
	pages={3175--3183},
	year={2005},
	publisher={Hindawi Publishing Corporation}
}

@article
{
	benahmed2007convergence,
	title={{A convergence result for asynchronous algorithms and applications}},
	author={Benahmed, Abdenasser},
	journal={Proyecciones (Antofagasta)},
	volume={26},
	number={2},
	pages={219--236},
	year={2007},
	publisher={SciELO Chile}
}

@phdthesis
{
	anzt2012asynchronous,
	title={{Asynchronous and multiprecision linear solvers-scalable and fault-tolerant numerics for energy efficient high performance computing}},
	author={Anzt, Hartwig},
	year={2012},
	school={Karlsruhe, Karlsruher Institut f{\"u}r Technologie (KIT), Diss., 2012}
}

@article
{
	avron2015revisiting,
	title={Revisiting asynchronous linear solvers: Provable convergence rate through randomization},
	author={Avron, Haim and Druinsky, Alex and Gupta, Anshul},
	journal={Journal of the ACM (JACM)},
	volume={62},
	number={6},
	pages={51},
	year={2015},
	publisher={ACM}
}
%
%
% Asynchronous Theoretical Material (end)
%
%%%%%%%%%%%%%%%%%%%%%%%%%%%%%%%%%%%%%%%%%%%%%%%%%%%%%%%%%%%%%%%%%%%%%%%%%%%%%
