%%%%%%%%%%%%%%%%%%%%%%%%%%%%%%%%%%%%%%%%%%%%%%%%%%%%%%%%%%%%%%%%%%%%%%%%%%%%%
%
% Asynchronous Applied / Example Material (begin)
%
%
@article
{
	tajibnapis1977correctness,
  	title={{A correctness proof of a topology information maintenance protocol for a distributed computer network}},
  	author={Tajibnapis, William D},
  	journal={Communications of the ACM},
  	volume={20},
  	number={7},
  	pages={477--485},
  	year={1977},
  	publisher={ACM}
}

@article
{
	bojanczyk1984optimal,
	title={{Optimal asynchronous Newton method for the solution of nonlinear equations}},
	author={Boja{\'n}czyk, A},
	journal={Journal of the ACM (JACM)},
	volume={31},
	number={4},
	pages={792--803},
	year={1984},
	publisher={ACM}
}

@article
{
	anwar1985asynchronous,
	title={{Asynchronous algorithms for Poisson's equation with nonlinear boundary conditions}},
	author={Anwar, MN and El Tarazi, Mouhamed Nabih},
	journal={Computing},
	volume={34},
	number={2},
	pages={155--168},
	year={1985},
	publisher={Springer}
}

@inproceedings
{
	spiteri1986parallel,
	title={{Parallel asynchronous algorithms for solving boundary value problems}},
	author={Spiteri, Pierre},
	booktitle={Proceedings of the international workshop on Parallel algorithms \& architectures},
	pages={73--84},
	year={1986},
	organization={North-Holland Publishing Co.}
}

@article
{
	tsitsiklis1986distributed,
	title={Distributed asynchronous deterministic and stochastic gradient optimization algorithms},
	author={Tsitsiklis, John and Bertsekas, Dimitri and Athans, Michael},
	journal={IEEE transactions on automatic control},
	volume={31},
	number={9},
	pages={803--812},
	year={1986},
	publisher={IEEE}
}

@article
{
	li1987asymptotic,
	title={{Asymptotic agreement and convergence of asynchronous stochastic algorithms}},
	author={Li, Shu and Basar, Tamer},
	journal={IEEE Transactions on Automatic Control},
	volume={32},
	number={7},
	pages={612--618},
	year={1987},
	publisher={IEEE}
}

@article
{
	mitra1987asynchronous,
	title={{Asynchronous relaxations for the numerical solution of differential equations by parallel processors}},
	author={Mitra, Debasis},
	journal={SIAM journal on scientific and statistical computing},
	volume={8},
	number={1},
	pages={s43--s58},
	year={1987},
	publisher={SIAM}
}

@article
{
	tsai1989convergence,
	title={{Convergence of gradient projection routing methods in an asynchronous stochastic quasi-static virtual circuit network}},
	author={Tsai, Wei K},
	journal={IEEE transactions on automatic control},
	volume={34},
	number={1},
	pages={20--33},
	year={1989},
	publisher={IEEE}
}

@article
{
	tseng1990distributed,
	title={{Distributed computation for linear programming problems satisfying a certain diagonal dominance condition}},
	author={Tseng, Paul},
	journal={Mathematics of Operations Research},
	volume={15},
	number={1},
	pages={33--48},
	year={1990},
	publisher={INFORMS}
}

@article
{
	frommer1997asynchronous,
	title={{Asynchronous weighted additive Schwarz methods}},
	author={Frommer, Andreas and Schwandt, Hartmut and Szyld, Daniel B},
	journal={Electronic Transactions on Numerical Analysis},
	volume={5},
	number={48-61},
	pages={1--5},
	year={1997}
}

@article
{
	bhaya2001stability,
	title={{Stability of asynchronous two-dimensional Fornasini--Marchesini dynamical systems}},
	author={Bhaya, A and Kaszkurewicz, E and Su, Y},
	journal={Linear Algebra and Its Applications},
	volume={332},
	pages={257--263},
	year={2001},
	publisher={Elsevier}
}

@inproceedings
{
	bahi2003coupling,
	title={Coupling dynamic load balancing with asynchronism in iterative algorithms on the computational grid},
	author={Bahi, Jacques M and Contassot-Vivier, Sylvain and Couturier, Rapha{\"e}l},
	booktitle={Parallel and Distributed Processing Symposium, 2003. Proceedings. International},
	pages={9--pp},
	year={2003},
	organization={IEEE}
}

@article
{
	bahi2006performance,
	title={Performance comparison of parallel programming environments for implementing AIAC algorithms},
	author={Bahi, Jacques M and Contassot-Vivier, Sylvain and Couturier, Rapha{\"e}l},
	journal={The Journal of Supercomputing},
	volume={35},
	number={3},
	pages={227--244},
	year={2006},
	publisher={Springer}
}

@inproceedings
{
	venkatasubramanian2009tuned,
	title={Tuned and wildly asynchronous stencil kernels for hybrid CPU/GPU systems},
	author={Venkatasubramanian, Sundaresan and Vuduc, Richard W and others},
	booktitle={Proceedings of the 23rd international conference on Supercomputing},
	pages={244--255},
	year={2009},
	organization={ACM}
}

@article
{
	dejager2010extracting,
	title={Extracting state-based performance metrics using asynchronous iterative techniques},
	author={De Jager, Douglas V and Bradley, Jeremy T},
	journal={Performance Evaluation},
	volume={67},
	number={12},
	pages={1353--1372},
	year={2010},
	publisher={Elsevier}
}

@article
{
	zhong2010asynchronous,
	title={Asynchronous distributed optimization with event-driven communication},
	author={Zhong, Minyi and Cassandras, Christos G},
	journal={IEEE Transactions on Automatic Control},
	volume={55},
	number={12},
	pages={2735--2750},
	year={2010},
	publisher={IEEE}
}

@article
{
	bethune2011investigating,
	title={{Investigating the Performance of Asynchronous Jacobi's Method for Solving Systems of Linear Equations}},
	author={Bethune, Iain and Bull, J Mark and Dingle, Nicholas J and Higham, Nicholas J},
	journal={To appear in International Journal of High Performance Computing Applications},
	year={2011},
	publisher={Manchester Institute for Mathematical Sciences, University of Manchester}
}

@article
{
	boyd2011distributed,
	title={Distributed optimization and statistical learning via the alternating direction method of multipliers},
	author={Boyd, Stephen and Parikh, Neal and Chu, Eric and Peleato, Borja and Eckstein, Jonathan},
	journal={Foundations and Trends{\textregistered} in Machine Learning},
	volume={3},
	number={1},
	pages={1--122},
	year={2011},
	publisher={Now Publishers Inc.}
}

@inproceedings
{
	recht2011hogwild,
	title={Hogwild: A lock-free approach to parallelizing stochastic gradient descent},
	author={Recht, Benjamin and Re, Christopher and Wright, Stephen and Niu, Feng},
	booktitle={Advances in neural information processing systems},
	pages={693--701},
	year={2011}
}

@article
{
	srivastava2011distributed,
	title={Distributed asynchronous constrained stochastic optimization},
	author={Srivastava, Kunal and Nedic, Angelia},
	journal={IEEE Journal of Selected Topics in Signal Processing},
	volume={5},
	number={4},
	pages={772--790},
	year={2011},
	publisher={IEEE}
}

@inproceedings
{
	anzt2012weighted,
	title={{Weighted Block-Asynchronous Iteration on GPU-Accelerated Systems.}},
	author={Anzt, Hartwig and Tomov, Stanimire and Dongarra, Jack and Heuveline, Vincent},
	booktitle={Euro-Par Workshops},
	pages={145--154},
	year={2012},
	organization={Springer}
}

@article
{
	jezequel2012solving,
	title={Solving large sparse linear systems in a grid environment: the GREMLINS code versus the PETSc library},
	author={Jezequel, Fabienne and Couturier, Rapha{\"e}l and Denis, Christophe},
	journal={The Journal of Supercomputing},
	volume={59},
	number={3},
	pages={1517--1532},
	year={2012},
	publisher={Springer}
}

@article
{
	anzt2013block,
	title={{A block-asynchronous relaxation method for graphics processing units}},
	author={Anzt, Hartwig and Tomov, Stanimire and Dongarra, Jack and Heuveline, Vincent},
	journal={Journal of Parallel and Distributed Computing},
	volume={73},
	number={12},
	pages={1613--1626},
	year={2013},
	publisher={Elsevier}
}

@article
{
	hook2013performance,
	title={Performance analysis of asynchronous parallel Jacobi},
	author={Hook, James and Dingle, Nicholas},
	journal={Numerical Algorithms},
	pages={1--36},
	year={2013},
	publisher={Springer}
}

@inproceedings
{
	iutzeler2013asynchronous,
	title={Asynchronous distributed optimization using a randomized alternating direction method of multipliers},
	author={Iutzeler, Franck and Bianchi, Pascal and Ciblat, Philippe and Hachem, Walid},
	booktitle={Decision and Control (CDC), 2013 IEEE 52nd Annual Conference on},
	pages={3671--3676},
	year={2013},
	organization={IEEE}
}

@article
{
	bethune2014performance,
	title={{Performance analysis of asynchronous Jacobi's method implemented in MPI, SHMEM and OpenMP}},
	author={Bethune, Iain and Bull, J Mark and Dingle, Nicholas J and Higham, Nicholas J},
	journal={The International Journal of High Performance Computing Applications},
	volume={28},
	number={1},
	pages={97--111},
	year={2014},
	publisher={Sage Publications Sage UK: London, England}
}

@article
{
	gerstenberger2014enabling,
	title={{Enabling highly-scalable remote memory access programming with MPI-3 one sided}},
	author={Gerstenberger, Robert and Besta, Maciej and Hoefler, Torsten},
	journal={Scientific Programming},
	volume={22},
	number={2},
	pages={75--91},
	year={2014},
	publisher={Hindawi Publishing Corporation}
}

@article
{
	voronin2014numerical,
	title={A numerical study of an MPI/OpenMP implementation based on asynchronous threads for a three-dimensional splitting scheme in heat transfer problems},
	author={Voronin, KV},
	journal={Journal of Applied and Industrial Mathematics},
	volume={8},
	number={3},
	pages={436--443},
	year={2014},
	publisher={Springer}
}

@article
{
	anzt2015block,
	title={{On block-asynchronous execution on GPUs}},
	author={Anzt, Hartwig and Dongarra, Jack and Chow, Edmond},
	journal={Preprint},
	year={2015}
}

@inproceedings
{
	anzt2015iterative,
	title={{Iterative sparse triangular solves for preconditioning}},
	author={Anzt, Hartwig and Chow, Edmond and Dongarra, Jack},
	booktitle={European Conference on Parallel Processing},
	pages={650--661},
	year={2015},
	organization={Springer}
}

@inproceedings
{
	aybat2015asynchronous,
	title={An asynchronous distributed proximal gradient method for composite convex optimization},
	author={Aybat, Necdet and Wang, Zi and Iyengar, Garud},
	booktitle={International Conference on Machine Learning},
	pages={2454--2462},
	year={2015}
}

@inproceedings
{
	chow2015asynchronous,
	title={{Asynchronous iterative algorithm for computing incomplete factorizations on GPUs}},
	author={Chow, Edmond and Anzt, Hartwig and Dongarra, Jack},
	booktitle={International Conference on High Performance Computing},
	pages={1--16},
	year={2015},
	organization={Springer}
}

@article
{
	chow2015fine,
	title={{Fine-grained parallel incomplete LU factorization}},
	author={Chow, Edmond and Patel, Aftab},
	journal={SIAM journal on Scientific Computing},
	volume={37},
	number={2},
	pages={C169--C193},
	year={2015},
	publisher={SIAM}
}

@article
{
	magoules2015asynchronous,
	title={{Asynchronous optimized Schwarz methods with and without overlap}},
	author={Magoules, Fr{\'e}d{\'e}ric and Szyld, Daniel B and Venet, C{\'e}dric},
	journal={Numerische Mathematik},
	pages={1--29},
	year={2015},
	publisher={Springer}
}

@inproceedings
{
	si2015casper,
	title={{Casper: An asynchronous progress model for MPI RMA on many-core architectures}},
	author={Si, Min and Pena, Antonio J and Hammond, Jeff and Balaji, Pavan and Takagi, Masamichi and Ishikawa, Yutaka},
	booktitle={Parallel and Distributed Processing Symposium (IPDPS), 2015 IEEE International},
	pages={665--676},
	year={2015},
	organization={IEEE}
}

@inproceedings
{
	anzt2016accelerating,
	title={{Accelerating the conjugate gradient algorithm with GPU in CFD simulations}},
	author={Anzt, Hartwig and Baboulin, Marc and Dongarra, Jack and Fournier, Yvan and Hulsemann, Frank and Khabou, Amal and Wang, Yushan},
	booktitle={International Conference on Vector and Parallel Processing},
	year={2016},
	organization={VECPAR}
}

@inproceedings
{
	anzt2016batched,
	title={Batched generation of incomplete sparse approximate inverses on GPUs},
	author={Anzt, Hartwig and Chow, Edmond and Huckle, Thomas and Dongarra, Jack},
	booktitle={Latest Advances in Scalable Algorithms for Large-Scale Systems (ScalA), 2016 7th Workshop on},
	pages={49--56},
	year={2016},
	organization={IEEE}
}

@article
{
	anzt2016updating,
	title={{Updating incomplete factorization preconditioners for model order reduction.}},
	author={Anzt, Hartwig and Chow, Edmond and Saak, Jens and Dongarra, Jack},
	journal={Numerical Algorithms},
	volume={73},
	number={3},
	pages={611--630},
	year={2016}
}

@incollection
{
	anzt2016domain,
	title={{Domain Overlap for Iterative Sparse Triangular Solves on GPUs}},
	author={Anzt, Hartwig and Chow, Edmond and Szyld, Daniel B and Dongarra, Jack},
	booktitle={Software for Exascale Computing-SPPEXA 2013-2015},
	pages={527--545},
	year={2016},
	publisher={Springer}
}

@article
{
	cheung2016unified,
	title={A Unified Approach to Analyzing Asynchronous Coordinate Descent and Tatonnement},
	author={Cheung, Yun Kuen and Cole, Richard},
	journal={arXiv preprint arXiv:1612.09171},
	year={2016}
}



@article
{
	magoules2016jack,
	title={{JACK: an asynchronous communication kernel library for iterative algorithms}},
	author={Magoul{\`e}s, Fr{\'e}d{\'e}ric and Gbikpi-Benissan, Guillaume},
	journal={The Journal of Supercomputing},
	pages={1--20},
	year={2016},
	publisher={Springer}
}

@article
{
	wolfson2016reducing,
	title={Reducing Communication in Distributed Asynchronous Iterative Methods},
	author={Wolfson-Pou, Jordi and Chow, Edmond},
	journal={Procedia Computer Science},
	volume={80},
	pages={1906--1916},
	year={2016},
	publisher={Elsevier}
}

@misc
{
	anzt2017parilu-communications,
	title={Private communication},
	author={Anzt, Hartwig and Chow, Edmond and Dongarra Jack},
	year={2017}
}

@article
{
	hong2017distributed,
	title={A Distributed, Asynchronous and Incremental Algorithm for Nonconvex Optimization: An ADMM Approach},
	author={Hong, Mingyi},
	journal={IEEE Transactions on Control of Network Systems},
	year={2017},
	publisher={IEEE}
}

@article
{
	liu2017fast,
	title={Fast synchronization-free algorithms for parallel sparse triangular solves with multiple right-hand sides},
	author={Liu, Weifeng and Li, Ang and Hogg, Jonathan D and Duff, Iain S and Vinter, Brian},
	journal={Concurrency and Computation: Practice and Experience},
	volume={29},
	number={21},
	year={2017},
	publisher={Wiley Online Library}
}

@inproceedings
{
	wolfson2017distributed,
	title={{Distributed Southwell: an iterative method with low communication costs}},
	author={Wolfson-Pou, Jordi and Chow, Edmond},
	booktitle={Proceedings of the International Conference for High Performance Computing, Networking, Storage and Analysis},
	pages={48},
	year={2017},
	organization={ACM}
}

@article
{
	anzt2018incomplete,
	title={Incomplete sparse approximate inverses for parallel preconditioning},
	author={Anzt, Hartwig and Huckle, Thomas K and Br{\"a}ckle, J{\"u}rgen and Dongarra, Jack},
	journal={Parallel Computing},
	volume={71},
	pages={1--22},
	year={2018},
	publisher={Elsevier}
}

@article
{
	anzt2018parilut,
	title={ParILUT---A New Parallel Threshold ILU Factorization},
	author={Anzt, Hartwig and Chow, Edmond and Dongarra, Jack},
	journal={SIAM Journal on Scientific Computing},
	volume={40},
	number={4},
	pages={C503--C519},
	year={2018},
	publisher={SIAM}
}

@inproceedings
{
	kashi2018asynchronous,
	title={Asynchronous fine-grain parallel smoothers for computational fluid dynamics},
	author={Kashi, Aditya and Vangara, Syam and Nadarajah, Sivakumaran},
	booktitle={2018 Fluid Dynamics Conference},
	pages={3558},
	year={2018}
}
%
%
% Asynchronous Applied / Example Material (end)
%
%%%%%%%%%%%%%%%%%%%%%%%%%%%%%%%%%%%%%%%%%%%%%%%%%%%%%%%%%%%%%%%%%%%%%%%%%%%%%
