%%%%%%%%%%%%%%%%%%%%%%%%%%%%%%%%%%%%%%%%%%%%%%%%%%%%%%%%%%%%%%%%%%%%%%%%%%%%%
%
% Fault Tolerance Overview Material (begin)
%
%
@article
{
	edelman1997mathematics,
	title={The mathematics of the Pentium division bug},
	author={Edelman, Alan},
	journal={SIAM review},
	volume={39},
	number={1},
	pages={54--67},
	year={1997},
	publisher={SIAM}
}

@inproceedings
{
	heath2002improving,
	title={Improving cluster availability using workstation validation},
	author={Heath, Taliver and Martin, Richard P and Nguyen, Thu D},
	booktitle={ACM SIGMETRICS Performance Evaluation Review},
	volume={30},
	number={1},
	pages={217--227},
	year={2002},
	organization={ACM}
}

@techreport
{
	asanovic2006landscape,
	title={{The landscape of parallel computing research: A view from Berkeley}},
 	author={Asanovic, Krste and Bodik, Ras and Catanzaro, Bryan Christopher and Gebis, Joseph James and Husbands, Parry and Keutzer, Kurt and Patterson, David A and Plishker, William Lester and Shalf, John and Williams, Samuel Webb and others},
	year={2006},
	institution={Technical Report UCB/EECS-2006-183, EECS Department, University of California, Berkeley}
}

@article
{
	bower2007online,
	title={Online diagnosis of hard faults in microprocessors},
	author={Bower, Fred A and Sorin, Daniel J and Ozev, Sule},
	journal={ACM Transactions on Architecture and Code Optimization (TACO)},
	volume={4},
	number={2},
	pages={8},
	year={2007},
	publisher={ACM}
}

@inproceedings
{
	li2008trace,
	title={Trace-based microarchitecture-level diagnosis of permanent hardware faults},
	author={Li, Man-Lap and Ramachandran, Pradeep and Sahoo, Swarup K and Adve, Sarita V and Adve, Vikram S and Zhou, Yuanyuan},
	booktitle={Dependable Systems and Networks With FTCS and DCC, 2008. DSN 2008. IEEE International Conference on},
	pages={22--31},
	year={2008},
	organization={IEEE}
}

@article
{
	geist2009major,
	title={Major computer science challenges at exascale},
	author={Geist, Al and Lucas, Robert},
	journal={International Journal of High Performance Computing Applications},
	year={2009},
	publisher={Sage Publications}
}

@article
{
	cappello2009toward,
	title={Toward exascale resilience},
	author={Cappello, Franck and Geist, Al and Gropp, Bill and Kale, Laxmikant and Kramer, Bill and Snir, Marc},
	journal={The International Journal of High Performance Computing Applications},
	volume={23},
	number={4},
	pages={374--388},
	year={2009},
	publisher={Sage Publications Sage UK: London, England}
}

@inproceedings
{
	schroeder2009dram,
	title={DRAM errors in the wild: a large-scale field study},
	author={Schroeder, Bianca and Pinheiro, Eduardo and Weber, Wolf-Dietrich},
	booktitle={ACM SIGMETRICS Performance Evaluation Review},
	volume={37 (no. 1)},
	pages={193--204},
	year={2009},
	organization={ACM}
}

@techreport
{
	ashby2010ascac,
	title={ASCAC subcommittee report: The opportunities and challenges of exascale computing},
	author={Ashby, Steve and Beckman, Pete and Chen, Jackie and Colella, Phil and Collins, Bill and Crawford, Dona and Dongarra, Jack and Kothe, Doug and Lusk, Rusty and Messina, Paul and others},
	year={2010},
	institution={Technical report, United States Department of Energy, Fall}
}

@article
{
	ashby2010opportunities,
	title={The opportunities and challenges of exascale computing--Summary report of the advanced scientific computing advisory committee (ASCAC) subcommittee},
	author={Ashby, Steve and Beckman, Pete and Chen, Jackie and Colella, Phil and Collins, Bill and Crawford, Dona and Dongarra, Jack and Kothe, Doug and Lusk, Rusty and Messina, Paul and others},
	journal={US Department of Energy Office of Science},
	year={2010}
}

@article
{
	schroeder2010large,
	title={A large-scale study of failures in high-performance computing systems},
	author={Schroeder, Bianca and Gibson, Garth},
	journal={IEEE Transactions on Dependable and Secure Computing},
	volume={7},
	number={4},
	pages={337--350},
	year={2010},
	publisher={IEEE}
}

@inproceedings
{
	geist2011monster,
	title={What is the monster in the closet?},
	author={Geist, Al},
	booktitle={Invited Talk at Workshop on Architectures I: Exascale and Beyond: Gaps in Research, Gaps in our Thinking},
	volume={2},
	year={2011}
}

@inproceedings
{
	nukada2011nvcr,
	title={NVCR: A transparent checkpoint-restart library for NVIDIA CUDA},
	author={Nukada, Akira and Takizawa, Hiroyuki and Matsuoka, Satoshi},
	booktitle={Parallel and Distributed Processing Workshops and Phd Forum (IPDPSW), 2011 IEEE International Symposium on},
	pages={104--113},
	year={2011},
	organization={IEEE}
}

@inproceedings
{
	geist2012exascale,
	title={Exascale monster in the closet},
	author={Geist, Al},
	booktitle={2012 IEEE Workshop on Silicon Errors in Logic--System Effects, Champaign-Urbana, IL, March},
	pages={27--28},
	year={2012}
}

@article
{
	cappello2014toward,
	title={Toward exascale resilience: 2014 update},
	author={Cappello, Franck and Geist, Al and Gropp, William and Kale, Sanjay and Kramer, Bill and Snir, Marc},
	journal={Supercomputing frontiers and innovations},
	volume={1},
	number={1},
	year={2014}
}

@techreport
{
	dongarra2014applied,
	title={Applied mathematics research for exascale computing},
	author={Dongarra, Jack and Hittinger, Jeffrey and Bell, John and Chacon, Luis and Falgout, Robert and Heroux, Michael and Hovland, Paul and Ng, Esmond and Webster, Clayton and Wild, Stefan},
	year={2014},
	institution={Lawrence Livermore National Laboratory (LLNL), Livermore, CA}
}

@article
{
	snir2014addressing,
	title={Addressing failures in exascale computing},
	author={Snir, Marc and Wisniewski, Robert W and Abraham, Jacob A and Adve, Sarita V and Bagchi, Saurabh and Balaji, Pavan and Belak, Jim and Bose, Pradip and Cappello, Franck and Carlson, Bill and others},
	journal={International Journal of High Performance Computing Applications},
	pages={},
	year={2014},
	publisher={Sage Publications}
}

@article
{
	geist2016supercomputing,
	title={Supercomputing's monster in the closet},
	author={Geist, Al},
	journal={IEEE Spectrum},
	volume={53},
	number={3},
	pages={30--35},
	year={2016},
	publisher={IEEE}
}
%
%
% Fault Tolerance Overview Material (end)
%
%%%%%%%%%%%%%%%%%%%%%%%%%%%%%%%%%%%%%%%%%%%%%%%%%%%%%%%%%%%%%%%%%%%%%%%%%%%%%





%%%%%%%%%%%%%%%%%%%%%%%%%%%%%%%%%%%%%%%%%%%%%%%%%%%%%%%%%%%%%%%%%%%%%%%%%%%%%
%
% Fault Simulation Material (begin)
%
%
@techreport
{
	elliott2013quantifying,
	title={Quantifying the impact of single bit flips on floating point arithmetic},
	author={Elliott, James J and Mueller, Frank and Stoyanov, Miroslav K and Webster, Clayton G},
	year={2013},
	institution={Oak Ridge National Laboratory (ORNL)}
}

@inproceedings
{
	elliott2015numerical,
	title={{A Numerical Soft Fault Model for Iterative Linear Solvers}},
	author={Elliott, James and Hoemmen, Mark and Mueller, Frank},
	booktitle={Proceedings of the 24nd International Symposium on High-Performance Parallel and Distributed Computing},
	year={2015}
}

@article
{
	elliott2016exploiting,
	title={Exploiting data representation for fault tolerance},
	author={Elliott, James and Hoemmen, Mark and Mueller, Frank},
	journal={Journal of Computational Science},
	volume={14},
	pages={51--60},
	year={2016},
	publisher={Elsevier}
}

%
%
% Fault Simulation Material (end)
%
%%%%%%%%%%%%%%%%%%%%%%%%%%%%%%%%%%%%%%%%%%%%%%%%%%%%%%%%%%%%%%%%%%%%%%%%%%%%%




%%%%%%%%%%%%%%%%%%%%%%%%%%%%%%%%%%%%%%%%%%%%%%%%%%%%%%%%%%%%%%%%%%%%%%%%%%%%%
%
% Iterative Method Fault Tolerance Material (begin)
%
%
@inproceedings
{
	bronevetsky2008soft,
	title={Soft error vulnerability of iterative linear algebra methods},
	author={Bronevetsky, Greg and de Supinski, Boris},
	booktitle={Proceedings of the 22nd annual international conference on Supercomputing},
	pages={155--164},
	year={2008},
	organization={ACM}
}

@inproceedings
{
	hoemmen2011ftgmres,
	title={Fault-tolerant iterative methods via selective reliability},
	author={Hoemmen, Mark and Heroux, Michael A},
	booktitle={Proceedings of the 2011 International Conference for High Performance Computing, Networking, Storage and Analysis (SC). IEEE Computer Society},
	volume={3},
	pages={9},
	year={2011},
	organization={Citeseer}
}

@article
{
	bridges2012ftgmres,
	title={Fault-tolerant linear solvers via selective reliability},
	author = {Bridges, Patrick G and Ferreira, Kurt B and Heroux, Michael A and Hoemmen, Mark},
	journal={arXiv preprint arXiv:1206.1390},
	year={2012}
}

@inproceedings
{
	sao2013self-stabilizing,
	title={Self-stabilizing iterative solvers},
	author={Sao, Piyush and Vuduc, Richard},
	booktitle={Proceedings of the Workshop on Latest Advances in Scalable Algorithms for Large-Scale Systems},
	pages={4},
	year={2013},
	organization={ACM}
}

@inproceedings
{
	elliott2014evaluating,
	title={Evaluating the impact of SDC on the GMRES iterative solver},
	author={Elliott, James and Hoemmen, Mark and Mueller, Frank},
	booktitle={Parallel and Distributed Processing Symposium, 2014 IEEE 28th International},
	pages={1193--1202},
	year={2014},
	organization={IEEE}
}

@article
{
	elliott2014tolerating,
	title={{Tolerating Silent Data Corruption in Opaque Preconditioners}},
	author={Elliott, James and Hoemmen, Mark and Mueller, Frank},
	journal={arXiv preprint arXiv:1404.5552},
	year={2014}
}
%
%
% Iterative Method Fault Tolerance Material (end)
%
%%%%%%%%%%%%%%%%%%%%%%%%%%%%%%%%%%%%%%%%%%%%%%%%%%%%%%%%%%%%%%%%%%%%%%%%%%%%%




%%%%%%%%%%%%%%%%%%%%%%%%%%%%%%%%%%%%%%%%%%%%%%%%%%%%%%%%%%%%%%%%%%%%%%%%%%%%%
%
% General Fault Tolerance Material (begin)
%
%
@article
{
	fagg2000ft,
	title={FT-MPI: Fault tolerant MPI, supporting dynamic applications in a dynamic world},
	author={Fagg, Graham and Dongarra, Jack},
	journal={Recent advances in parallel virtual machine and message passing interface},
	pages={346--353},
	year={2000},
	publisher={Springer}
}

@article
{
	fagg2001harness,
	title={HARNESS and fault tolerant MPI},
	author={Fagg, Graham E and Bukovsky, Antonin and Dongarra, Jack J},
	journal={Parallel Computing},
	volume={27},
	number={11},
	pages={1479--1495},
	year={2001},
	publisher={Elsevier}
}

@inproceedings
{
	zheng2004ftc,
	title={FTC-Charm++: an in-memory checkpoint-based fault tolerant runtime for Charm++ and MPI},
	author={Zheng, Gengbin and Shi, Lixia and Kal{\'e}, Laxmikant V},
	booktitle={Cluster Computing, 2004 IEEE International Conference on},
	pages={93--103},
	year={2004},
	organization={IEEE}
}

@inproceedings
{
	shantharam2011characterizing,
	title={Characterizing the impact of soft errors on iterative methods in scientific computing},
	author={Shantharam, Manu and Srinivasmurthy, Sowmyalatha and Raghavan, Padma},
	booktitle={Proceedings of the international conference on Supercomputing},
	pages={152--161},
	year={2011},
	organization={ACM}
}

@article
{
	bland2012checkpoint,
	title={{A checkpoint-on-failure protocol for algorithm-based recovery in standard MPI}},
	author={Bland, Wesley and Du, Peng and Bouteiller, Aurelien and Herault, Thomas and Bosilca, George and Dongarra, Jack},
	journal={Euro-Par 2012 Parallel Processing},
	pages={477--488},
	year={2012},
	publisher={Springer}
}

@inproceedings
{
	bland2012evaluation,
	title={An evaluation of user-level failure mitigation support in MPI},
	author={Bland, Wesley and Bouteiller, Aurelien and Herault, Thomas and Hursey, Joshua and Bosilca, George and Dongarra, Jack J},
	booktitle={European MPI Users' Group Meeting},
	pages={193--203},
	year={2012},
	organization={Springer}
}

@inproceedings
{
	bland2012user,
	title={User Level Failure Mitigation in MPI.},
	author={Bland, Wesley},
	booktitle={Euro-Par Workshops},
	pages={499--504},
	year={2012},
	organization={Springer}
}

@inproceedings
{
	shantharam2012fault,
	title={Fault tolerant preconditioned conjugate gradient for sparse linear system solution},
	author={Shantharam, Manu and Srinivasmurthy, Sowmyalatha and Raghavan, Padma},
	booktitle={Proceedings of the 26th ACM international conference on Supercomputing},
	pages={69--78},
	year={2012},
	organization={ACM}
}


@inproceedings
{
	sloan2012algorithmic,
	title={Algorithmic approaches to low overhead fault detection for sparse linear algebra},
	author={Sloan, Joseph and Kumar, Rakesh and Bronevetsky, Greg},
	booktitle={Dependable Systems and Networks (DSN), 2012 42nd Annual IEEE/IFIP International Conference on},
	pages={1--12},
	year={2012},
	organization={IEEE}
}

@inproceedings
{
	aupy2013optimal,
	title={{Optimal checkpointing period: Time vs. energy}},
	author={Aupy, Guillaume and Benoit, Anne and H{\'e}rault, Thomas and Robert, Yves and Dongarra, Jack},
	booktitle={International Workshop on Performance Modeling, Benchmarking and Simulation of High Performance Computer Systems},
	pages={203--214},
	year={2013},
	organization={Springer}
}

@article
{
	bland2013evaluation,
	title={{An evaluation of user-level failure mitigation support in MPI}},
	author={Bland, Wesley and Bouteiller, Aurelien and Herault, Thomas and Hursey, Joshua and Bosilca, George and Dongarra, Jack J},
	journal={Computing},
	volume={95},
	number={12},
	pages={1171--1184},
	year={2013},
	publisher={Springer}
}

@inproceedings
{
	chen2013online,
	title={Online-ABFT: An online algorithm based fault tolerance scheme for soft error detection in iterative methods},
	author={Chen, Zizhong},
	booktitle={ACM SIGPLAN Notices},
	volume={48},
	pages={167--176},
	year={2013},
	organization={ACM}
}

@article
{
	elliott2014resilience,
	title={Resilience in numerical methods: a position on fault models and methodologies},
	author={Elliott, James and Hoemmen, Mark and Mueller, Frank},
	journal={arXiv preprint arXiv:1401.3013},
	year={2014}
}

@inproceedings
{
	teranishi2014toward,
	title={{Toward local failure local recovery resilience model using MPI-ULFM}},
	author={Teranishi, Keita and Heroux, Michael A},
	booktitle={Proceedings of the 21st European MPI Users' Group Meeting},
	pages={51},
	year={2014},
	organization={ACM}
}

@inproceedings
{
	rizzi2016ulfm,
	title={{ULFM-MPI implementation of a resilient task-based partial differential equations preconditioner}},
	author={Rizzi, Francesco and Morris, Karla and Sargsyan, Khachik and Mycek, Paul and Safta, Cosmin and Debusschere, Bert and LeMaitre, Olivier and Knio, Omar},
	booktitle={Proceedings of the ACM Workshop on Fault-Tolerance for HPC at Extreme Scale},
	pages={19--26},
	year={2016},
	organization={ACM}
}

@article
{
	losada2017resilient,
	title={{Resilient MPI applications using an application-level checkpointing framework and ULFM}},
	author={Losada, Nuria and Cores, Iv{\'a}n and Mart{\'\i}n, Mar{\'\i}a J and Gonz{\'a}lez, Patricia},
	journal={The Journal of Supercomputing},
	volume={73},
	number={1},
	pages={100--113},
	year={2017},
	publisher={Springer}
}
%
%
% General Fault Tolerance Material (end)
%
%%%%%%%%%%%%%%%%%%%%%%%%%%%%%%%%%%%%%%%%%%%%%%%%%%%%%%%%%%%%%%%%%%%%%%%%%%%%%
