%%%%%%%%%%%%%%%%%%%%%%%%%%%%%%%%%%%%%%%%%%%%%%%%%%%%%%%%%%%%%%%%%%%%%%%%%%%%%
%
% HPC-Math-Software Material (begin)
%
%
@book
{
	anderson1999lapack,
	Author = {Andersen, Edward and Bai, Zhaojun and Bischof, Christian and Blackford, L Susan and Demmel, James and  Dongarra, Jack and Du Croz, Jeremy and Greenbaum, Anne and Hammarling, Sven and McKenney, Alan and  others},
	Title = {{LAPACK} Users' Guide},
	Year = {1999},
	Publisher = {SIAM}
}

@article
{
	balay2001petsc,
	title={PETSc},
	author={Balay, Satish and Buschelman, Kris and Gropp, William D and Kaushik, Dinesh and Knepley, Matthew G and McInnes, Lois Curfman and Smith, Barry F and Zhang, Hong},
	journal={See http://www. mcs. anl. gov/petsc},
	year={2001}
}

@inproceedings
{
	casanova2001simgrid,
	title={Simgrid: A toolkit for the simulation of application scheduling},
	author={Casanova, Henri},
	booktitle={Cluster computing and the grid, 2001. proceedings. first ieee/acm international symposium on},
	pages={430--437},
	year={2001},
	organization={IEEE}
}

@article
{
	buyya2002gridsim,
	title={Gridsim: A toolkit for the modeling and simulation of distributed resource management and scheduling for grid computing},
	author={Buyya, Rajkumar and Murshed, Manzur},
	journal={Concurrency and computation: practice and experience},
	volume={14},
	number={13-15},
	pages={1175--1220},
	year={2002},
	publisher={Wiley Online Library}
}

@article
{
	heroux2003trilinos,
	title={Trilinos users guide},
	author={Heroux, Michael Allen and Willenbring, James M},
	year={2003},
	publisher={United States. Department of Energy}
}

@article
{
	saad2004parms,
	title={pARMS: A package for the parallel iterative solution of general large sparse linear systems userâ€™s guide},
	author={Saad, Yousef and Sosonkina, Masha},
	journal={Minneapolis: MN},
	year={2004}
}

@inproceedings
{
	dumitrescu2005gangsim,
	title={GangSim: a simulator for grid scheduling studies},
	author={Dumitrescu, Catalin L and Foster, Ian},
	booktitle={Cluster Computing and the Grid, 2005. CCGrid 2005. IEEE International Symposium on},
	volume={2},
	pages={1151--1158},
	year={2005},
	organization={IEEE}
}

@article
{
	heroux2005overview,
	title={An overview of the Trilinos project},
	author={Heroux, Michael A and Bartlett, Roscoe A and Howle, Vicki E and Hoekstra, Robert J and Hu, Jonathan J and Kolda, Tamara G and Lehoucq, Richard B and Long, Kevin R and Pawlowski, Roger P and Phipps, Eric T and others},
	journal={ACM Transactions on Mathematical Software (TOMS)},
	volume={31},
	number={3},
	pages={397--423},
	year={2005},
	publisher={ACM}
}

@inproceedings
{
	casanova2008simgrid,
	title={Simgrid: A generic framework for large-scale distributed experiments},
	author={Casanova, Henri and Legrand, Arnaud and Quinson, Martin},
	booktitle={Computer Modeling and Simulation, 2008. UKSIM 2008. Tenth International Conference on},
	pages={126--131},
	year={2008},
	organization={IEEE}
}

@inproceedings
{
	agullo2009numerical,
	title={Numerical linear algebra on emerging architectures: The PLASMA and MAGMA projects},
	author={Agullo, Emmanuel and Demmel, Jim and Dongarra, Jack and Hadri, Bilel and Kurzak, Jakub and Langou, Julien and Ltaief, Hatem and Luszczek, Piotr and Tomov, Stanimire},
	booktitle={Journal of Physics: Conference Series},
	volume={180},
	number={1},
	pages={012037},
	year={2009},
	organization={IOP Publishing}
}

@article
{
	calheiros2009cloudsim,
	title={Cloudsim: A novel framework for modeling and simulation of cloud computing infrastructures and services},
	author={Calheiros, Rodrigo N and Ranjan, Rajiv and De Rose, C{\'e}sar AF and Buyya, Rajkumar},
	journal={arXiv preprint arXiv:0903.2525},
	year={2009}
}

@article
{
	calheiros2011cloudsim,
	title={CloudSim: a toolkit for modeling and simulation of cloud computing environments and evaluation of resource provisioning algorithms},
	author={Calheiros, Rodrigo N and Ranjan, Rajiv and Beloglazov, Anton and De Rose, C{\'e}sar AF and Buyya, Rajkumar},
	journal={Software: Practice and experience},
	volume={41},
	number={1},
	pages={23--50},
	year={2011},
	publisher={Wiley Online Library}
}

@article
{
	dongarra2012magma,
	title={MAGMA: a new generation of linear algebra library for GPU and multicore architectures},
	author={Dongarra, J and Dong, T and Gates, M and Haidar, A and Tomov, S and Yamazaki, I},
	journal={SC12},
	year={2012}
}

@Misc
{
	icl2015magma,
	author={{Innovative Computing Lab}},
	title={Software distribution of {MAGMA}},
	howpublished={\url{http://icl.cs.utk.edu/magma/}},
	year={2015}
}

@Misc
{
	saad2017matlab,
	author={{Saad, Yousef}},
	title={Matlab Suite},
	howpublished={\url{http://www-users.cs.umn.edu/~saad/software/}},
	year={Accessed 2017}
}
%
%
% HPC-Math-Software Material (end)
%
%%%%%%%%%%%%%%%%%%%%%%%%%%%%%%%%%%%%%%%%%%%%%%%%%%%%%%%%%%%%%%%%%%%%%%%%%%%%%
