%%%%%%%%%%%%%%%%%%%%%%%%%%%%%%%%%%%%%%%%%%%%%%%%%%%%%%%%%%%%%%%%%%%%%%%%%%%%%
%
% Iterative Methods (begin)
%
%
@book
{
	southwell1946relaxation,
	title={Relaxation Methods in Theoretical Physics: A Continuation of the Treatise, Relaxation Methods in Engineering Science},
	author={Southwell, Richard Vynne},
	volume={2},
	year={1946},
	publisher={The Clarendon Press}
}

@article
{
	saad1986gmres,
	title={GMRES: A generalized minimal residual algorithm for solving nonsymmetric linear systems},
	author={Saad, Yousef and Schultz, Martin H},
	journal={SIAM Journal on scientific and statistical computing},
	volume={7},
	number={3},
	pages={856--869},
	year={1986},
	publisher={SIAM}
}

@article
{
	saad1993fgmres,
	title={{A flexible inner-outer preconditioned GMRES algorithm}},
	author={Saad, Yousef},
	journal={SIAM Journal on Scientific Computing},
	volume={14},
	number={2},
	pages={461--469},
	year={1993},
	publisher={SIAM}
}

@misc
{
	shewchuk1994introduction,
	title={An introduction to the conjugate gradient method without the agonizing pain},
	author={Shewchuk, Jonathan Richard and others},
	year={1994},
	publisher={Carnegie-Mellon University. Department of Computer Science}
}

@article
{
	van1994gmresr,
	title={GMRESR: a family of nested GMRES methods},
	author={Van der Vorst, Henk A and Vuik, Cornelis},
	journal={Numerical linear algebra with applications},
	volume={1},
	number={4},
	pages={369--386},
	year={1994},
	publisher={Wiley Online Library}
}

@article
{
	wigton1985gmres,
	title={GMRES acceleration of computational fluid dynamics codes},
	author={Wigton, Laurence B and Yu, NJ and Young, David P},
	journal={NASA Technical Report SEE A85-40926 19-34},
	year={1985}
}

@inproceedings
{
	li1999scalable,
  	title={A Scalable Sparse Direct Solver Using Static Pivoting.},
 	author={Li, Xiaoye S and Demmel, James},
  	booktitle={PPSC},
  	year={1999}
}

@article
{
	zhang2000preconditioned,
	title={Preconditioned Krylov subspace methods for solving nonsymmetric matrices from CFD applications},
	author={Zhang, Jun},
	journal={Computer methods in applied mechanics and engineering},
	volume={189},
	number={3},
	pages={825--840},
	year={2000},
	publisher={Elsevier}
}

@article
{
	simoncini2003theory,
	title={{Theory of inexact Krylov subspace methods and applications to scientific computing}},
	author={Simoncini, Valeria and Szyld, Daniel B},
	journal={SIAM Journal on Scientific Computing},
	volume={25},
	number={2},
	pages={454--477},
	year={2003},
	publisher={SIAM}
}

@article
{
	van2004inexact,
	title={{Inexact Krylov subspace methods for linear systems}},
	author={van den Eshof, J and Sleijpen, GLG},
	journal={SIAM Journal on Matrix Analysis and Applications},
	volume={26},
	number={1},
	pages={125--153},
	year={2004},
	publisher={SIAM}
}

@article
{
	simoncini2005occurrence,
	title={On the occurrence of superlinear convergence of exact and inexact Krylov subspace methods},
	author={Simoncini, Valeria and Szyld, Daniel B},
	journal={SIAM review},
	volume={47},
	number={2},
	pages={247--272},
	year={2005},
	publisher={SIAM}
}

@article
{
	strohmer2009randomized,
	title={A randomized Kaczmarz algorithm with exponential convergence},
	author={Strohmer, Thomas and Vershynin, Roman},
	journal={Journal of Fourier Analysis and Applications},
	volume={15},
	number={2},
	pages={262},
	year={2009},
	publisher={Springer}
}

@article
{
	leventhal2010randomized,
	title={Randomized methods for linear constraints: convergence rates and conditioning},
	author={Leventhal, Dennis and Lewis, Adrian S},
	journal={Mathematics of Operations Research},
	volume={35},
	number={3},
	pages={641--654},
	year={2010},
	publisher={INFORMS}
}

@article
{
	griebel2012greedy,
	title={Greedy and randomized versions of the multiplicative Schwarz method},
	author={Griebel, Michael and Oswald, Peter},
	journal={Linear Algebra and its Applications},
	volume={437},
	number={7},
	pages={1596--1610},
	year={2012},
	publisher={Elsevier}
}

@article
{
	baboulin2013accelerating,
	title={Accelerating linear system solutions using randomization techniques},
	author={Baboulin, Marc and Dongarra, Jack and Herrmann, Julien and Tomov, Stanimire},
	journal={ACM Transactions on Mathematical Software (TOMS)},
	volume={39},
	number={2},
	pages={8},
	year={2013},
	publisher={ACM}
}

@article
{
	li2013gpu,
	title={GPU-accelerated preconditioned iterative linear solvers},
	author={Li, Ruipeng and Saad, Yousef},
	journal={The Journal of Supercomputing},
	volume={63},
	number={2},
	pages={443--466},
	year={2013},
	publisher={Springer}
}

@inproceedings
{
	nutini2015coordinate,
	title={Coordinate descent converges faster with the gauss-southwell rule than random selection},
	author={Nutini, Julie and Schmidt, Mark and Laradji, Issam and Friedlander, Michael and Koepke, Hoyt},
	booktitle={International Conference on Machine Learning},
	pages={1632--1641},
	year={2015}
}
%
%
% Iterative Methods (end)
%
%%%%%%%%%%%%%%%%%%%%%%%%%%%%%%%%%%%%%%%%%%%%%%%%%%%%%%%%%%%%%%%%%%%%%%%%%%%%%
