%%%%%%%%%%%%%%%%%%%%%%%%%%%%%%%%%%%%%%%%%%%%%%%%%%%%%%%%%%%%%%%%%%%%%%%%%%%%%
%
% Preconditioning  Material (begin)
%
%
@article
{
	manteuffel1980incomplete,
	title={An incomplete factorization technique for positive definite linear systems},
	author={Manteuffel, Thomas A},
	journal={Mathematics of computation},
  	volume={34},
  	number={150},
  	pages={473--497},
  	year={1980}
}

@article
{
	axelsson1985survey,
	title={A survey of preconditioned iterative methods for linear systems of algebraic equations},
	author={Axelsson, Owe},
	journal={BIT Numerical Mathematics},
	volume={25},
	number={1},
	pages={165--187},
	year={1985},
	publisher={Springer}
}

@article
{
	elman1986stability,
	title={{A stability analysis of incomplete LU factorizations}},
	author={Elman, HC},
	journal={Mathematics of Computation},
	pages={191--217},
	year={1986},
	publisher={JSTOR}
}

@article
{
	saad1994ilut,
	title={ILUT: A dual threshold incomplete LU factorization},
	author={Saad, Yousef},
	journal={Numerical linear algebra with applications},
	volume={1},
	number={4},
	pages={387--402},
	year={1994},
	publisher={Wiley Online Library}
}

@article
{
	parker1995random,
	title={Random butterfly transformations with applications in computational linear algebra},
	author={Parker, D Stott},
	year={1995},
	journal={Technical Report CSD-950023},
	publisher={Citeseer}
}

@article{saad1996ilum,
	title={ILUM: a multi-elimination ILU preconditioner for general sparse matrices},
	author={Saad, Yousef},
	journal={SIAM Journal on Scientific Computing},
	volume={17},
	number={4},
	pages={830--847},
	year={1996},
	publisher={SIAM}
}

@article
{
	chow1997approximate,
	title={Approximate inverse techniques for block-partitioned matrices},
	author={Chow, Edmond and Saad, Yousef},
	journal={SIAM Journal on Scientific Computing},
	volume={18},
	number={6},
	pages={1657--1675},
	year={1997},
	publisher={SIAM}
}

@article
{
	chow1997experimental,
	title={Experimental study of ILU preconditioners for indefinite matrices},
	author={Chow, Edmond and Saad, Yousef},
	journal={Journal of Computational and Applied Mathematics},
	volume={86},
	number={2},
	pages={387--414},
	year={1997},
	publisher={Elsevier}
}

@article
{
	chow1997ilus,
	title={ILUS: an incomplete LU preconditioner in sparse skyline format},
	author={Chow, Edmond and Saad, Yousef},
	journal={International Journal for Numerical Methods in Fluids},
	volume={25},
	number={7},
	pages={739--748},
	year={1997},
	publisher={Chichester; New York: Wiley, c1981-}
}

@phdthesis
{
	chow1997robust,
	title={Robust preconditioning for sparse linear systems},
	author={Chow, Edmond},
	year={1997},
	school={University of Minnesota}
}

@article
{
	saad1998domain,
	title={Domain decomposition and multi-level type techniques for general sparse linear systems},
	author={Saad, Yousef and Sosonkina, Maria and Zhang, Jun},
	journal={Contemporary mathematics},
	volume={218},
	pages={174--190},
	year={1998},
	publisher={Providence, RI: American Mathematical Society}
}

@article
{
	benzi1999orderings,
	title={Orderings for incomplete factorization preconditioning of nonsymmetric problems},
	author={Benzi, Michele and Szyld, Daniel B and Van Duin, Arno},
	journal={SIAM Journal on Scientific Computing},
	volume={20},
	number={5},
	pages={1652--1670},
	year={1999},
	publisher={SIAM}
}

@article
{
	saad1999bilutm,
	title={BILUTM: a domain-based multilevel block ILUT preconditioner for general sparse matrices},
	author={Saad, Yousef and Zhang, Jun},
	journal={SIAM Journal on Matrix Analysis and Applications},
	volume={21},
	number={1},
	pages={279--299},
	year={1999},
	publisher={SIAM}
}

@article
{
	saad1999distributed,
	title={Distributed Schur complement techniques for general sparse linear systems},
	author={Saad, Yousef and Sosonkina, Maria},
	journal={SIAM Journal on Scientific Computing},
	volume={21},
	number={4},
	pages={1337--1356},
	year={1999},
	publisher={SIAM}
}

@article
{
	benzi2000indefinite,
	title={Preconditioning highly indefinite and nonsymmetric matrices},
	author={Benzi, Michele and Haws, John C and Tuma, Miroslav},
	journal={SIAM Journal on Scientific Computing},
	volume={22},
	number={4},
	pages={1333--1353},
	year={2000},
	publisher={SIAM}
}

@article
{
	chapman2000high,
	title={High-order ILU preconditioners for CFD problems},
	author={Chapman, Andrew and Saad, Yousef and Wigton, Larry},
	journal={International Journal for numerical methods in fluids},
	volume={33},
	number={6},
	pages={767--788},
	year={2000},
	publisher={Wiley Online Library}
}

@article
{
	duff2001algorithms,
 	title={On algorithms for permuting large entries to the diagonal of a sparse matrix},
  	author={Duff, Iain S and Koster, Jacko},
  	journal={SIAM Journal on Matrix Analysis and Applications},
  	volume={22},
  	number={4},
 	pages={973--996},
  	year={2001},
  	publisher={SIAM}
}


@article
{
	benzi2002preconditioning,
	title={Preconditioning techniques for large linear systems: a survey},
	author={Benzi, Michele},
	journal={Journal of computational Physics},
	volume={182},
	number={2},
	pages={418--477},
	year={2002},
	publisher={Elsevier}
}

@article
{
	gupta2002improved,
  	title={Improved symbolic and numerical factorization algorithms for unsymmetric sparse matrices},
  	author={Gupta, Anshul},
  	journal={SIAM Journal on Matrix Analysis and Applications},
  	volume={24},
  	number={2},
  	pages={529--552},
  	year={2002},
  	publisher={SIAM}
}

@article
{
  	saad2002arms,
  	title={{ARMS}: An algebraic recursive multilevel solver for general sparse linear systems},
  	author={Saad, Y and Suchomel, B},
 	 journal={Numerical linear algebra with applications},
  	volume={9},
  	number={5},
 	 pages={359--378},
  	year={2002},
  	publisher={Wiley Online Library}	
}

@inproceedings
{
	saad2001parms,
	title={pARMS: A package for solving general sparse linear systems on parallel computers},
	author={Saad, Yousef and Sosonkina, Masha},
	booktitle={International Conference on Parallel Processing and Applied Mathematics},
	pages={446--457},
	year={2001},
	organization={Springer}
}

@article
{
	benzi2003approximate,
	title={Approximate inverse preconditioning for shifted linear systems},
	author={Benzi, Michele and Bertaccini, Daniele},
	journal={BIT Numerical Mathematics},
	volume={43},
	number={2},
	pages={231--244},
	year={2003},
	publisher={Springer}
}

@article
{
	li2003parms,
	title={pARMS: a parallel version of the algebraic recursive multilevel solver},
	author={Li, Zhongze and Saad, Yousef and Sosonkina, Masha},
	journal={Numerical linear algebra with applications},
	volume={10},
	number={5-6},
	pages={485--509},
	year={2003},
	publisher={Wiley Online Library}
}

@article
{
	saad2004variations,
	title={Variations on algebraic recursive multilevel solvers (ARMS) for the solution of CFD problems},
	author={Saad, Yousef and Soulaimani, Azzeddine and Touihri, Ridha},
	journal={Applied numerical mathematics},
	volume={51},
	number={2-3},
	pages={305--327},
	year={2004},
	publisher={Elsevier}
}

@article
{
	sosonkina2004using,
	title={Using the parallel algebraic recursive multilevel solver in modern physical applications},
	author={Sosonkina, Masha and Saad, Yousef and Cai, Xing},
	journal={Future Generation Computer Systems},
	volume={20},
	number={3},
	pages={489--500},
	year={2004},
	publisher={Elsevier}
}

@book
{
	zhang2006schur,
	title={The Schur complement and its applications},
	author={Zhang, Fuzhen},
	volume={4},
	year={2006},
	publisher={Springer Science \& Business Media}
}

@article
{
	calgaro2010incremental,
	title={Incremental incomplete LU factorizations with applications},
	author={Calgaro, Caterina and Chehab, Jean-Paul and Saad, Yousef},
	journal={Numerical Linear Algebra with Applications},
	volume={17},
	number={5},
	pages={811--837},
	year={2010},
	publisher={Wiley Online Library}
}

@article
{
	naumov2011incomplete,
	title={Incomplete-LU and Cholesky preconditioned iterative methods using CUSPARSE and CUBLAS},
	author={Naumov, Maxim},
	journal={Nvidia white paper},
	year={2011}
}

@article
{
	naumov2012parallel,
	title={Parallel incomplete-LU and Cholesky factorization in the preconditioned iterative methods on the GPU},
	author={Naumov, Maxim},
	journal={NVIDIA Technical Report NVR-2012-003},
	year={2012}
}

@article
{
	carpentieri2014vbarms,
	title={VBARMS: A variable block algebraic recursive multilevel solver for sparse linear systems},
	author={Carpentieri, Bruno and Liao, Jia and Sosonkina, Masha},
	journal={Journal of Computational and Applied Mathematics},
	volume={259},
	pages={164--173},
	year={2014},
	publisher={Elsevier}
}

@inproceedings
{
	baboulin2014using,
	title={Using random butterfly transformations to avoid pivoting in sparse direct methods},
	author={Baboulin, Marc and Li, Xiaoye S and Rouet, Fran{\c{c}}ois-Henry},
	booktitle={International Conference on High Performance Computing for Computational Science},
	pages={135--144},
	year={2014},
	organization={Springer}
}

@inproceedings
{
	baboulin2015using,
	author    = {M. Baboulin and A. Jamal and M. Sosonkina},
	title     = {Using random butterfly transformations in parallel {S}chur complement-based
	preconditioning},
	booktitle = {2015 Federated Conference on Computer Science and Information Systems,	FedCSIS 2015, L{\'{o}}dz, Poland, September 13-16, 2015},
	pages     = {649--654},
	year      = {2015},
	doi       = {10.15439/2015F177},
	timestamp = {Tue, 17 Nov 2015 16:31:52 +0100},
	biburl    = {http://dblp.uni-trier.de/rec/bib/conf/fedcsis/BaboulinJS15},
	bibsource = {dblp computer science bibliography, http://dblp.org}
}

@inproceedings
{
	jamal2016hybrid,
	title={A hybrid CPU/GPU approach for the parallel algebraic recursive multilevel solver pARMS},
	author={Jamal, Aygul and Baboulin, Marc and Khabou, Amal and Sosonkina, Masha},
	booktitle={Symbolic and Numeric Algorithms for Scientific Computing (SYNASC), 2016 18th International Symposium on},
	pages={411--416},
	year={2016},
	organization={IEEE}
}
%
%
% Preconditioning Material (end)
%
%%%%%%%%%%%%%%%%%%%%%%%%%%%%%%%%%%%%%%%%%%%%%%%%%%%%%%%%%%%%%%%%%%%%%%%%%%%%%