%%%%%%%%%%%%%%%%%%%%%%%%%%%%%%%%%%%%%%%%%%%%%%%%%%%%%%%%%%%%%%%%%%%%%%%%%%%%%
%
% Asynchronous Fault Tolerance Material (begin)
%
%
@article
{
	gartner1999fundamentals,
	title={Fundamentals of fault-tolerant distributed computing in asynchronous environments},
	author={G{\"a}rtner, Felix C},
	journal={ACM Computing Surveys (CSUR)},
	volume={31},
	number={1},
	pages={1--26},
	year={1999},
	publisher={ACM}
}

@article
{
	anzt2012gpu,
  	title={{GPU-accelerated asynchronous error correction for mixed precision iterative refinement}},
  	author={Anzt, Hartwig and Luszczek, Piotr and Dongarra, Jack and Heuveline, Vincent},
  	journal={Euro-Par 2012 Parallel Processing},
  	pages={908--919},
  	year={2012},
  	publisher={Springer}
}

@inproceedings
{
	anzt2015tuning,
	title={{Tuning stationary iterative solvers for fault resilience}},
	author={Anzt, Hartwig and Dongarra, Jack and Quintana-Ort{\'\i}, Enrique S},
	booktitle={Proceedings of the 6th Workshop on Latest Advances in Scalable Algorithms for Large-Scale Systems},
	pages={1},
	year={2015},
	organization={ACM}
}

@article
{
	anzt2016fine,
	title={{Fine-grained bit-flip protection for relaxation methods}},
	author={Anzt, Hartwig and Dongarra, Jack and Quintana-Ort{\'\i}, Enrique S},
	journal={Journal of Computational Science},
	year={2016},
	publisher={Elsevier}
}
%
%
% Asynchronous Fault Tolerance Material (end)
%
%%%%%%%%%%%%%%%%%%%%%%%%%%%%%%%%%%%%%%%%%%%%%%%%%%%%%%%%%%%%%%%%%%%%%%%%%%%%%
