%%%%%%%%%%%%%%%%%%%%%%%%%%%%%%%%%%%%%%%%%%%%%%%%%%%%%%%%%%%%%%%%%%%%%%%%%%%%%
%
% Example Problems Material (begin)
%
%
@Misc
{
	davis1994sparse,
	author={Davis, Tim A},
	title={{The University of Florida Sparse Matrix Collection}},
	howpublished={\url{http://www.cise.ufl.edu/research/sparse/matrices/}},
	year={1994}
}
%
%
% Example Problems Material (end)
%
%%%%%%%%%%%%%%%%%%%%%%%%%%%%%%%%%%%%%%%%%%%%%%%%%%%%%%%%%%%%%%%%%%%%%%%%%%%%%