%%%%%%%%%%%%%%%%%%%%%%%%%%%%%%%%%%%%%%%%%%%%%%%%%%%%%%%%%%%%%%%%%%%%%%%%%%%%%
%
% Fixed Point (begin)
%
%
@article
{
	stoyanov2015numerical,
	title={Numerical analysis of fixed point algorithms in the presence of hardware faults},
	author={Stoyanov, Miroslav and Webster, Clayton},
	journal={SIAM Journal on Scientific Computing},
	volume={37},
	number={5},
	pages={C532--C553},
	year={2015},
	publisher={SIAM}
}
%
%
% Fixed Point (end)
%
%%%%%%%%%%%%%%%%%%%%%%%%%%%%%%%%%%%%%%%%%%%%%%%%%%%%%%%%%%%%%%%%%%%%%%%%%%%%%
