%%%%%%%%%%%%%%%%%%%%%%%%%%%%%%%%%%%%%%%%%%%%%%%%%%%%%%%%%%%%%%%%%%%%%%%%%%%%%
%
% General HPC Material (begin)
%
%
@article
{
	lindeberg1990scale,
	title={Scale-space for discrete signals},
	author={Lindeberg, Tony},
	journal={IEEE transactions on pattern analysis and machine intelligence},
	volume={12},
	number={3},
	pages={234--254},
	year={1990},
	publisher={IEEE}
}

@article
{
	guide2011intel,
	title={Intel{\textregistered} 64 and IA-32 Architectures Software Developerâ€™s Manual},
	author={Guide, Part},
	journal={Volume 3B: System programming Guide, Part},
	volume={2},
	year={2011}
}

@book
{
	dongarra2012future,
	title={On the Future of High Performance Computing: How to Think for Peta and Exascale Computing},
	author={Dongarra, JJ},
	year={2012},
	publisher={Hong Kong University of Science and Technology}
}

@article
{
	reed2015exascale,
	title={Exascale computing and big data},
	author={Reed, Daniel A and Dongarra, Jack},
	journal={Communications of the ACM},
	volume={58},
	number={7},
	pages={56--68},
	year={2015},
	publisher={ACM}
}

@inproceedings
{
	jensen2018modeling,
	author = {Jensen, Erik and M. Sosonkina},
	title = {Modeling a Task-Based Matrix-Matrix Multiplication Application for Resilience Decision Making},
	booktitle = {Proceedings of the 26th High Performance Computing Symposium},
	series = {HPC '18},
	year = {2018},
	isbn = {978-1-5108-3822-2},
	location = {Baltimore, Maryland},
}
%
%
% General HPC Material (end)
%
%%%%%%%%%%%%%%%%%%%%%%%%%%%%%%%%%%%%%%%%%%%%%%%%%%%%%%%%%%%%%%%%%%%%%%%%%%%%%
