%%%%%%%%%%%%%%%%%%%%%%%%%%%%%%%%%%%%%%%%%%%%%%%%%%%%%%%%%%%%%%%%%%%%%%%%%%%%%
%
% Self Citation Material (begin)
%
%
@inproceedings
{
	coleman2016comparison,
	title={{A Comparison and Analysis of Soft-Fault Error Models using FGMRES}},
	author={Coleman, Evan and Sosonkina, Masha},
	booktitle={Proceedings of the 6th annual Virginia Modeling, Simulation, and Analysis Center Capstone Conference},
	pages={},
	year={2016},
	organization={Virginia Modeling, Simulation, and Analysis Center}
}

@inproceedings
{
	coleman2016evaluating,
	title={{Evaluating a Persistent Soft Fault Model on Preconditioned Iterative Methods}},
	author={Coleman, Evan and Sosonkina, Masha},
	booktitle={Proceedings of the 22nd annual International Conference on Parallel and Distributed Processing Techniques and Applications},
	pages={},
	year={2016},
	organization={}
}

@inproceedings
{
	coleman2017fine-grained,
	title={{Fault Tolerance for Fine-Grained Iterative Methods}},
	author={Coleman, Evan and Sosonkina, Masha},
	booktitle={Proceedings of the 7th annual Virginia Modeling, Simulation, and Analysis Center Capstone Conference},
	pages={},
	year={2017},
	organization={Virginia Modeling, Simulation, and Analysis Center}
}

@inproceedings
{
	coleman2017variants,
	title={{Fault Tolerant Variants of the Fine-Grained Parallel Incomplete LU Factorization}},
	author={Coleman, Evan and Sosonkina, Masha and Chow, Edmond},
	booktitle={Proceedings of the 2017 Spring Simulation Multiconference},
	pages={},
	year={2017},
	organization={Society for Computer Simulation International}
}

@inproceedings
{
	coleman2017comparison,
	title={{A Comparison of Soft-Fault Error Models in the Parallel Preconditioned Flexible GMRES}},
	author={Coleman, Evan and Jamal, Aygul and Baboulin, Marc and Khabou, Amal and Sosonkina, Masha},
	booktitle={Proceedings of the 12th International Conference on Parallel Processing and Applied Mathematics},
	pages={},
	year={2017},
	organization={ACM}
}

@article
{
	coleman2018self-stabilizing,
	title={{Self-Stabilizing Fine-Grained Parallel Incomplete LU Factorization}},
	author={Coleman, Evan and Sosonkina, Masha},
	journal={Sustainable Computing: Informatics and Systems},
	year={2018},
	publisher={Elsevier}
}

@inproceedings
{
	coleman2018convergence,
	title={{Convergence and Resilience of the of the Fine-Grained Parallel Incomplete LU Factorization for Non-Symmetric Problems}},
	author={Coleman, Evan and Sosonkina, Masha},
	booktitle={Proceedings of the 2018 Spring Simulation Multiconference},
	pages={},
	year={2018},
	organization={Society for Computer Simulation International}
}

@inproceedings
{
	jensen2018using,
	title={{Using Modeling to Improve the Performance of Asynchronous Jacobi}},
	author={Jensen, Erik and Coleman, Evan and Sosonkina, Masha},
	booktitle={Proceedings of the 24th annual International Conference on Parallel and Distributed Processing Techniques and Applications},
	pages={},
	year={2018},
	organization={}
}

@article
{
	coleman2018simulation,
	title={{Simulation Framework for Asynchronous Iterative Methods}},
	author={Coleman, Evan and Jensen, Erik and Sosonkina, Masha},
	journal={Journal of Simulation Engineering},
	year={2018},
	publisher={}
}

@inproceedings
{
	coleman2018impacts,
	title={{Impacts of Three Soft-Fault Models on Hybrid Parallel Asynchronous Iterative Methods}},
	author={Coleman, Evan and Jensen, Erik and Sosonkina, Masha},
	booktitle={Proceedings of the 9th Workshop on Applications for Multi-Core Architectures},
	pages={},
	year={2018},
	organization={}
}

@article
{
	jensen2018predictive,
	title={{Predictive Modeling of the Performance of Asynchronous Iterative Methods}},
	author={Jensen, Erik and Coleman, Evan and Sosonkina, Masha},
	journal={Journal of Supercomputing (Submitted)},
	year={2018},
	publisher={Springer}
}

@article
{
	coleman2018soft,
	title={{Soft Fault Resilience for Fine-Grained Parallel Incomplete Factorizations}},
	author={Coleman, Evan and Sosonkina, Masha},
	journal={Naval Surface Warfare Center, Dahlgren Division Technical Report TR-18/176 (Submitted)},
	year={2018},
	publisher={Defense Technology Information Center}
}

@article
{
	coleman2018numerical,
	title={{Numerical Soft Fault Simulation for Iterative Algorithm Development}},
	author={Coleman, Evan and Jensen, Erik and Sosonkina, Masha},
	journal={Naval Surface Warfare Center, Dahlgren Division Technical Report TR-18/280 (Under review)},
	year={2018},
	publisher={Defense Technology Information Center}
}

@article
{
	coleman2019predictive,
	title={{Predictive Performance Modeling for Asynchronous Iterative Methods}},
	author={Coleman, Evan and Jensen, Erik and Sosonkina, Masha},
	journal={Naval Surface Warfare Center, Dahlgren Division Technical Report TR-19/40 (Under review)},
	year={2019},
	publisher={Defense Technology Information Center}
}

@article
{
	coleman2019fault,
	title={{Fault Tolerance for Asynchronous Linear Solvers}},
	author={Coleman, Evan and Jensen, Erik and Sosonkina, Masha},
	journal={Journal TBD},
	year={2019}
}

@inproceedings
{
	coleman2019improved,
	title={{Improved Asynchronous Linear Solvers through Randomization}},
	author={Coleman, Evan and Jensen, Erik and Sosonkina, Masha},
	booktitle={Proceedings of the 2019 Spring Simulation Multiconference (Submitted)},
	pages={},
	year={2019},
	organization={Society for Computer Simulation International}
}

@article
{
	coleman2019analysis,
	title={{Analysis of Soft Fault Resilience for Parallel Asynchronous Fixed Point Problems}},
	author={Coleman, Evan and Sosonkina, Masha},
	journal={Naval Surface Warfare Center, Dahlgren Division Technical Report TR-19/41 (Under review)},
	year={2019},
	publisher={Defense Technology Information Center}
}


%
%
% Self Citation Material (end)
%
%%%%%%%%%%%%%%%%%%%%%%%%%%%%%%%%%%%%%%%%%%%%%%%%%%%%%%%%%%%%%%%%%%%%%%%%%%%%%