%%%%%%%%%%%%%%%%%%%%%%%%%%%%%%%%%%%%%%%%%%%%%%%%%%%%%%%%%%%%%%%%%%%%%%%%%%%%%
%
% Textbook Material (begin)
%
%
@book
{
	smith1985numerical,
	title={Numerical solution of partial differential equations: finite difference methods},
	author={Smith, Gordon D},
	year={1985},
	publisher={Oxford university press}
}

@book
{
	bertsekas1989parallel,
	title={Parallel and distributed computation: numerical methods},
	author={Bertsekas, Dimitri P and Tsitsiklis, John N},
	volume={23},
	year={1989},
	publisher={Prentice hall Englewood Cliffs, NJ}
}

@book
{
	mendenhall1991statistics,
	title={Statistics for Engineering and the Sciences},
	author={Mendenhall, William and Sincich, Terry},
	year={1991},
	publisher={Dellen Pub. Co.. Collier Macmillan Canada. Maxwell Macmillan International}
}

@book
{
	chapra1998numerical,
	title={Numerical methods for engineers},
	author={Chapra, Steven C and Canale, Raymond P},
	volume={2},
	year={1998},
	publisher={McGraw-Hill New York}
}

@book
{
	ortega2000iterative,
	title={Iterative solution of nonlinear equations in several variables},
	author={Ortega, James M and Rheinboldt, Werner C},
	year={2000},
	publisher={SIAM}
}

@book
{
	higham2002accuracy,
	title={Accuracy and stability of numerical algorithms},
	author={Higham, Nicholas J},
	year={2002},
	publisher={SIAM}
}

@book
{
	saad2003iterative,
	title={Iterative methods for sparse linear systems},
	author={Saad, Yousef},
	year={2003},
	publisher={SIAM}
}

@book
{
	strikwerda2004finite,
	title={Finite difference schemes and partial differential equations},
	author={Strikwerda, John C},
	volume={88},
	year={2004},
	publisher={Siam}
}

@book
{
	bahi2007parallel,
	title={Parallel iterative algorithms: from sequential to grid computing},
	author={Bahi, Jacques Mohcine and Contassot-Vivier, Sylvain and Couturier, Raphael},
	year={2007},
	publisher={Chapman and Hall/CRC}
}


@book
{
	hager2010introduction,
	title={Introduction to high performance computing for scientists and engineers},
	author={Hager, Georg and Wellein, Gerhard},
	year={2010},
	publisher={CRC Press}
}
%
%
% Textbook Material (end)
%
%%%%%%%%%%%%%%%%%%%%%%%%%%%%%%%%%%%%%%%%%%%%%%%%%%%%%%%%%%%%%%%%%%%%%%%%%%%%%
